<?xml version="1.0" encoding="UTF-8"?><collection xmlns="http://www.loc.gov/MARC21/slim"><record><leader>00405nam--2200121-i-4500</leader><controlfield tag="001">000027779</controlfield><controlfield tag="002">20161230</controlfield><controlfield tag="005">20161230201037</controlfield><controlfield tag="008">060222s1000------------r-----000-0-eng-d</controlfield><datafield ind1=" " ind2=" " tag="245"><subfield code="a">Radiation dosimetry: x rays and gamma rays with maximum photon energies between 0,6 and 50 mev</subfield></datafield><datafield ind1=" " ind2=" " tag="260"><subfield code="a">Washington, International Commission On Radiation Units And Measurements, 1970</subfield></datafield><datafield ind1=" " ind2=" " tag="490"><subfield code="a">Icru Report</subfield></datafield><datafield ind1=" " ind2=" " tag="852"><subfield code="a">39806</subfield></datafield></record></collection>